@inbook{key,
    %address	= "",
    author	= "",
    chapter	= "",
    %edition	= "",
    editor	= "",
    %month	= "",
    %note	= "",
    %number	= "",
    %pages	= "", 
    publisher	= "", 
    %series	= "", 
    title	= "", 
    %type	= "", 
    %volume	= "", 
    year	= "", 
}
