@misc{git,
    author = "Matthew Knight and Cole Harkness",
    howpublished = "Github: www.github.com/matt1795/elex7660-project",
    title = "SPI to Composite Video Encoder",
    year = "2017"
}

@techreport{videoBasics,
    %address	    = "",
    author	    = "N/A",
    institution	    = "Maxim Integrated Products Inc.",
    month	    = "May",
    %note	    = "",
    number	    = "734",
    title	    = "Video Basics",
    type	    = "Tutorial",
    year	    = "2002"
}

@techreport{analogVideo,
    %address	    = "",
    author	    = "N/A",
    institution	    = "Maxim Integrated Products Inc.",
    month	    = "September",
    %note	    = "",
    number	    = "1184",
    title	    = "Understanding Analog Video Signals",
    type	    = "Tutorial",
    year	    = "2002"
}

@techreport{video101,
    %address	    = "",
    author	    = "N/A",
    institution	    = "National Instruments",
    %month	    = "November",
    %note	    = "",
    %number	    = "",
    title	    = "Analog Video 101",
    type	    = "White Paper",
    year	    = "2016"
}

@inbook{rastor,
    %address	= "",
    author	= "Conrac Corporation",
    chapter	= "Chapter 8: The Monitor Interface",
    %edition	= "",
    editor	= "",
    %month	= "",
    %note	= "",
    %number	= "",
    %pages	= "", 
    publisher	= "Van Nostrand Reinhold", 
    %series	= "", 
    title	= "Rastor Graphics Handbook", 
    %type	= "", 
    %volume	= "", 
    year	= "1985" 
}
