@techreport{key,
    %address	    = "",
    author	    = "",
    institution	    = "",
    %month	    = "",
    %note	    = "",
    %number	    = "",
    title	    = "",
    %type	    = "",
    year	    = ""
}
